<?xml version="1.0" encoding="UTF-8"?><collection xmlns="http://www.loc.gov/MARC21/slim"><record><leader>00452nam--2200169-i-4500</leader><controlfield tag="001">000029923</controlfield><controlfield tag="002">20161230</controlfield><controlfield tag="005">20161230201038</controlfield><controlfield tag="008">060222s1000------------r-----000-0-eng-d</controlfield><datafield ind1=" " ind2=" " tag="040"><subfield code="a">IFIN-HH</subfield></datafield><datafield ind1=" " ind2=" " tag="080"><subfield code="a">523:519.4</subfield></datafield><datafield ind1="1" ind2=" " tag="100"><subfield code="a">Kurth, Rudolf</subfield></datafield><datafield ind1="1" ind2="0" tag="245"><subfield code="a">Dimensional analysis and group theory in astrophysics</subfield><subfield code="c">Rudolf kurth</subfield></datafield><datafield ind1=" " ind2=" " tag="260"><subfield code="a">Oxford</subfield><subfield code="b">Pergamon Press</subfield><subfield code="c">1972</subfield></datafield><datafield ind1=" " ind2=" " tag="300"><subfield code="a">XIV+235P</subfield></datafield><datafield ind1=" " ind2=" " tag="852"><subfield code="a">39644</subfield><subfield code="c">519.4/5</subfield></datafield><datafield ind1=" " ind2=" " tag="CAT"><subfield code="a">Sys</subfield><subfield code="c">20130813</subfield><subfield code="h">105655</subfield></datafield></record></collection>